@techreport{Cogill:2001wq,
  author = {Cogill, Bruce},
  title = {{Anthropometric Indicators Measurement Guide}},
  publisher = {Food and Nutritoin Technical Assistance Project, Academy for Educadtional Development},
  year = {2001},
  address = {Washington, DC}
}

@incollection{WorldHealthOrganization:2008vc,
  author = {{World Health Organization}},
  title = {{Measuring a Child's Growth}},
  booktitle = {Training Course on Child Growth Assessment WHO Child Growth Standards},
  year = {2008},
  pages = {1--47},
  publisher = {WHO},
  address = {Geneva}
}

@incollection{WorldHealthOrganization:2008wh,
  author = {{World Health Organization}},
  title = {{Interpreting Growth Indicators}},
  booktitle = {Training Course on Child Growth Assessment WHO Child Growth Standards},
  year = {2008},
  pages = {1--58},
  publisher = {WHO},
  address = {Geneva}
}

@misc{WorldHealthOrganization:2008ta,
  title = {{Weighing and Measuring a Child}},
  author = {{World Health Organization}},
  howpublished = {World Health Organization},
  year = {2008}
}

@article{Ulijaszek:2007fp,
  author = {Ulijaszek, Stanley J and Kerr, Deborah A},
  title = {{Anthropometric measurement error and the assessment of nutritional status}},
  journal = {The British journal of nutrition},
  year = {2007},
  volume = {82},
  number = {03},
  pages = {165--13},
  month = mar
}

@misc{SMART:2006uu,
title = {{Measuring Mortality, Nutritional Status, and Food Security in Crisis Situations: SMART Methodology}},
author = {{SMART}},
howpublished = {SMART},
month = apr,
year = {2006}
}

@book{SMART:2014ty,
author = {{SMART}},
title = {{Training Manual: SMART Survey Manager}},
publisher = {Action Against Hunger-Canada},
year = {2014},
address = {Toronto},
month = oct
}


